@article{espcn,
  title        = {Real-Time Single Image and Video Super-Resolution Using an Efficient Sub-Pixel Convolutional Neural Network},
  author       = {Wenzhe Shi and Jose Caballero and Ferenc Husz{\'{a}}r and Johannes Totz and Andrew P. Aitken and Rob Bishop and Daniel Rueckert and Zehan Wang},
  url          = {http://arxiv.org/abs/1609.05158},
  urldate      = {2020-10-05}
}

@article{srcnn,
  title        = {Image Super-Resolution Using Deep Convolutional Networks},
  author       = {Chao Dong and Chen Change Loy and Kaiming He and Xiaoou Tang},
  url          = {http://arxiv.org/abs/1501.00092},
  urldate      = {2020-10-05}
}

@ONLINE{video699,
  AUTHOR = {Novotný, Vít},
  DATE = {2018},
  SUBTITLE = {Automatic alignment of lecture recordings with study materials},
  TITLE = {video699},
  URLDATE = {2020-01-10},
  URL = {https://github.com/video699},
}

@article{inception,
  author    = {Christian Szegedy and
               Vincent Vanhoucke and
               Sergey Ioffe and
               Jonathon Shlens and
               Zbigniew Wojna},
  title     = {Rethinking the Inception Architecture for Computer Vision},
  year      = {2015},
  url       = {http://arxiv.org/abs/1512.00567},
  urldate = {2020-10-20}
}

@misc{conv_operations,
      title={A guide to convolution arithmetic for deep learning}, 
      author={Vincent Dumoulin and Francesco Visin},
      year={2018},
      url={https://arxiv.org/abs/1603.07285v2},
      urldate={2020-10-20},
}